@misc{big-graph-dataset,
  title = {{Big Graph Dataset} Documentation},
  howpublished = {https://big-graph-dataset.readthedocs.io/}
}